@article{mccloskey1989catastrophic,
  title={Catastrophic interference in connectionist networks: The sequential learning problem},
  author={McCloskey, Michael and Cohen, Neal J},
  journal={Psychology of learning and motivation},
  volume={24},
  pages={109--165},
  year={1989},
  publisher={Elsevier}
}

@article{kirkpatrick2017overcoming,
  title={Overcoming catastrophic forgetting in neural networks},
  author={Kirkpatrick, James and Pascanu, Razvan and Rabinowitz, Neil and Veness, Joel and Desjardins, Guillaume and Rusu, Andrei A and Milan, Kieran and Quan, John and Ramalho, Tiago and Grabska-Barwinska, Agnieszka and others},
  journal={Proceedings of the national academy of sciences},
  volume={114},
  number={13},
  pages={3521--3526},
  year={2017},
  publisher={National Acad Sciences}
}

@inproceedings{rusu2016progressive,
  title={Progressive neural networks},
  author={Rusu, Andrei A and Rabinowitz, Neil C and Desjardins, Guillaume and Soyer, Hubert and Kirkpatrick, James and Kavukcuoglu, Koray and Pascanu, Razvan and Hadsell, Raia},
  booktitle={Advances in neural information processing systems},
  pages={5533--5541},
  year={2016}
}

@inproceedings{riemer2018learning,
  title={Learning to learn without forgetting by maximizing transfer and minimizing interference},
  author={Riemer, Matthew and Cases, Ignacio and Ajemian, Robert and Liu, Miao and Rish, Irina and Tu, Yuhai and Tesauro, Gerald},
  booktitle={International Conference on Learning Representations},
  year={2019}
}

@inproceedings{lopez2017gradient,
  title={Gradient episodic memory for continual learning},
  author={Lopez-Paz, David and Ranzato, Marc'Aurelio},
  booktitle={Advances in neural information processing systems},
  pages={6467--6476},
  year={2017}
}

@inproceedings{chaudhry2018efficient,
  title={Efficient lifelong learning with A-GEM},
  author={Chaudhry, Arslan and Ranzato, Marc'Aurelio and Rohrbach, Marcus and Elhoseiny, Mohamed},
  booktitle={International Conference on Learning Representations},
  year={2019}
}

@inproceedings{aljundi2018memory,
  title={Memory aware synapses: Learning what (not) to forget},
  author={Aljundi, Rahaf and Babiloni, Francesca and Elhoseiny, Mohamed and Rohrbach, Marcus and Tuytelaars, Tinne},
  booktitle={Proceedings of the European conference on computer vision (ECCV)},
  pages={139--154},
  year={2018}
}

@inproceedings{mallya2018packnet,
  title={PackNet: Adding multiple tasks to a single network by iterative pruning},
  author={Mallya, Arun and Lazebnik, Svetlana},
  booktitle={Proceedings of the IEEE conference on Computer Vision and Pattern Recognition},
  pages={7765--7773},
  year={2018}
}

@article{hu2022lora,
  title={LoRA: Low-Rank Adaptation of Large Language Models},
  author={Hu, Edward J and Shen, Yelong and Wallis, Phillip and Allen-Zhu, Zeyuan and Li, Yuanzhi and Wang, Shean and Wang, Lu and Chen, Weizhu},
  journal={International Conference on Learning Representations},
  year={2022}
}

@inproceedings{houlsby2019parameter,
  title={Parameter-efficient transfer learning for NLP},
  author={Houlsby, Neil and Giurgiu, Andrei and Jastrzebski, Stanislaw and Morrone, Bruna and De Laroussilhe, Quentin and Gesmundo, Andrea and Attariyan, Mona and Gelly, Sylvain},
  booktitle={International Conference on Machine Learning},
  pages={2790--2799},
  year={2019},
  organization={PMLR}
}

@article{zenke2017continual,
  title={Continual learning through synaptic intelligence},
  author={Zenke, Friedemann and Poole, Ben and Ganguli, Surya},
  journal={International Conference on Machine Learning},
  pages={3987--3995},
  year={2017},
  organization={PMLR}
}

@inproceedings{schwarz2018progress,
  title={Progress \& compress: A scalable framework for continual learning},
  author={Schwarz, Jonathan and Czarnecki, Wojciech and Luketina, Jelena and Grabska-Barwinska, Agnieszka and Teh, Yee Whye and Pascanu, Razvan and Hadsell, Raia},
  booktitle={International conference on machine learning},
  pages={4528--4537},
  year={2018},
  organization={PMLR}
}

@inproceedings{li2017learning,
  title={Learning without forgetting},
  author={Li, Zhizhong and Hoiem, Derek},
  booktitle={IEEE transactions on pattern analysis and machine intelligence},
  volume={40},
  number={12},
  pages={2935--2947},
  year={2017},
  publisher={IEEE}
}

@inproceedings{rebuffi2017icarl,
  title={iCaRL: Incremental classifier and representation learning},
  author={Rebuffi, Sylvestre-Alvise and Kolesnikov, Alexander and Sperl, Georg and Lampert, Christoph H},
  booktitle={Proceedings of the IEEE conference on Computer Vision and Pattern Recognition},
  pages={2001--2010},
  year={2017}
}

@article{parisi2019continual,
  title={Continual lifelong learning with neural networks: A review},
  author={Parisi, German Ignacio and Kemker, Ronald and Part, Jose L and Kanan, Christopher and Wermter, Stefan},
  journal={Neural networks},
  volume={113},
  pages={54--71},
  year={2019},
  publisher={Elsevier}
}

@inproceedings{shin2017continual,
  title={Continual learning with deep generative replay},
  author={Shin, Hanul and Lee, Jung Kwon and Kim, Jaehong and Kim, Jiwon},
  booktitle={Advances in neural information processing systems},
  pages={2990--2999},
  year={2017}
}

@article{delange2021continual,
  title={A continual learning survey: Defying forgetting in classification tasks},
  author={De Lange, Matthias and Aljundi, Rahaf and Masana, Marc and Parisot, Sarah and Jia, Xu and Leonardis, Ale{\v{s}} and Slabaugh, Gregory and Tuytelaars, Tinne},
  journal={IEEE transactions on pattern analysis and machine intelligence},
  volume={44},
  number={7},
  pages={3366--3385},
  year={2021},
  publisher={IEEE}
}

@inproceedings{wang2021training,
  title={Training networks in null space of feature covariance for continual learning},
  author={Wang, Shipeng and Li, Xiaorong and Sun, Jian and Xu, Zongben},
  booktitle={Proceedings of the IEEE/CVF Conference on Computer Vision and Pattern Recognition},
  pages={184--193},
  year={2021}
}

@inproceedings{buzzega2020dark,
  title={Dark experience for general continual learning: a strong, simple baseline},
  author={Buzzega, Pietro and Boschini, Matteo and Porrello, Angelo and Abati, Davide and Calderara, Simone},
  booktitle={Advances in neural information processing systems},
  volume={33},
  pages={15920--15930},
  year={2020}
}

@inproceedings{prabhu2020gdumb,
  title={GDumb: A simple approach that questions our progress in continual learning},
  author={Prabhu, Ameya and Torr, Philip HS and Dokania, Puneet K},
  booktitle={European conference on computer vision},
  pages={524--540},
  year={2020},
  organization={Springer}
}

@article{lesort2020continual,
  title={Continual learning for robotics: Definition, framework, learning strategies, opportunities and challenges},
  author={Lesort, Timoth{\'e}e and Lomonaco, Vincenzo and Stoian, Andrei and Maltoni, Davide and Filliat, David and D{\'\i}az-Rodr{\'\i}guez, Natalia},
  journal={Information fusion},
  volume={58},
  pages={52--68},
  year={2020},
  publisher={Elsevier}
}

@inproceedings{caccia2021online,
  title={Online continual learning on a contaminated data stream with blurry task boundaries},
  author={Caccia, Massimo and Xu, Jing and Iacono, Marta and Ostapenko, Oleksiy and Gagnon-Audet, Jean-Christophe and Belilovsky, Eugene and Charlin, Laurent and Ghosn, Irina},
  booktitle={Proceedings of the IEEE/CVF Conference on Computer Vision and Pattern Recognition},
  pages={15518--15527},
  year={2021}
}

@inproceedings{douillard2022dytox,
  title={DyTox: Transformers for continual learning with dynamic token expansion},
  author={Douillard, Arthur and Ram{\'e}, Alexandre and Couairon, Guillaume and Cord, Matthieu},
  booktitle={Proceedings of the IEEE/CVF Conference on Computer Vision and Pattern Recognition},
  pages={9285--9295},
  year={2022}
}

@article{kessler2021same,
  title={Same state, different task: Continual reinforcement learning without interference},
  author={Kessler, Samuel and Parker-Holder, Jack and Ball, Philip and Zohren, Stefan and Roberts, Stephen J},
  journal={Proceedings of the AAAI Conference on Artificial Intelligence},
  volume={36},
  number={7},
  pages={7143--7151},
  year={2022}
}

@inproceedings{titsias2020functional,
  title={Functional regularisation for continual learning with gaussian processes},
  author={Titsias, Michalis K and Schwarz, Jonathan and Matthews, Alexander G de G and Pascanu, Razvan and Teh, Yee Whye},
  booktitle={International Conference on Learning Representations},
  year={2020}
}

@article{ven2022brain,
  title={Brain-inspired replay for continual learning with artificial neural networks},
  author={van de Ven, Gido M and Siegelmann, Hava T and Tolias, Andreas S},
  journal={Nature communications},
  volume={11},
  number={1},
  pages={4069},
  year={2020},
  publisher={Nature Publishing Group}
}

@inproceedings{mirzadeh2020understanding,
  title={Understanding the role of training regimes in continual learning},
  author={Mirzadeh, Seyed Iman and Farajtabar, Mehrdad and Pascanu, Razvan and Ghasemzadeh, Hassan},
  booktitle={Advances in Neural Information Processing Systems},
  volume={33},
  pages={7308--7320},
  year={2020}
}

@article{ash2021warm,
  title={Warm-starting continual learning},
  author={Ash, Jordan T and Dyer, Eva L and Adams, Ryan P},
  journal={arXiv preprint arXiv:2012.06703},
  year={2020}
}

@inproceedings{kemker2018measuring,
  title={Measuring catastrophic forgetting in neural networks},
  author={Kemker, Ronald and McClure, Marc and Abitino, Angelina and Hayes, Tyler and Kanan, Christopher},
  booktitle={Proceedings of the AAAI conference on artificial intelligence},
  volume={32},
  number={1},
  year={2018}
}